@article{dolev-acm1993,
 author = {Dolev, Danny and Dwork, Cynthia and Waarts, Orli and Yung, Moti},
 title = {Perfectly Secure Message Transmission},
 journal = {J. ACM},
 issue_date = {Jan. 1993},
 volume = {40},
 number = {1},
 month = jan,
 year = {1993},
 issn = {0004-5411},
 pages = {17--47},
 numpages = {31},
 url = {http://doi.acm.org/10.1145/138027.138036},
 doi = {10.1145/138027.138036},
 acmid = {138036},
 publisher = {ACM},
 address = {New York, NY, USA},
 keywords = {distributed computing, fault-tolerance, perfectly secure communication}
} 

@book{cohen-book2010,
  title={Complex Networks: Structure, Robustness and Function},
  author={Cohen, R. and Havlin, S.},
  isbn={9781139489270},
  lccn={2010007255},
  year={2010},
  publisher={Cambridge University Press}
}

@book{newman-book2010,
	author = "Newman, Mark",
	publisher = "OUP Oxford",
	title = "{Networks: an introduction}",
	year = "2010"
}

@article{dorogovtsev-prl2006,
  title = {$k$-core organization of complex networks},
  author = {Dorogovtsev, S. N. and Goltsev, A. V. and Mendes, J. F. F.},
  journal = {Phys. Rev. Lett.},
  volume = {96},
  issue = {4},
  pages = {040601},
  numpages = {4},
  year = {2006},
  month = {Feb},
  publisher = {American Physical Society},
  doi = {10.1103/PhysRevLett.96.040601},
  url = {http://link.aps.org/doi/10.1103/PhysRevLett.96.040601}
}

@INPROCEEDINGS{tauro-ieee2001, 
author={Tauro, S.L. and Palmer, C. and Siganos, Georgos and Faloutsos, Michalis}, 
booktitle={Global Telecommunications Conference, 2001. GLOBECOM '01. IEEE}, 
title={A simple conceptual model for the Internet topology}, 
year={2001}, 
month={}, 
volume={3}, 
pages={1667-1671 vol.3}, 
keywords={Internet;network topology;Internet hierarchy;Internet inter-domain topology;abstract graphical representation;conceptual visual model;connected core;node topological importance;Humans;IP networks;Internet;Leg;Network topology;Visualization}, 
doi={10.1109/GLOCOM.2001.965863}
}

@article{carmi-pnas2007,
author = {Carmi, Shai and Havlin, Shlomo and Kirkpatrick, Scott and Shavitt, Yuval and Shir, Eran}, 
title = {A model of Internet topology using k-shell decomposition},
volume = {104}, 
number = {27}, 
pages = {11150-11154}, 
year = {2007}, 
doi = {10.1073/pnas.0701175104}, 
URL = {http://www.pnas.org/content/104/27/11150.abstract}, 
journal = {Proceedings of the National Academy of Sciences} 
}

@ARTICLE{pinto-ieee2012, 
author={Pinto, P.C. and Barros, J. and Win, M.Z.}, 
journal={Information Forensics and Security, IEEE Transactions on}, 
title={Secure Communication in Stochastic Wireless Networks #x2014;Part I: Connectivity}, 
year={2012}, 
month={Feb}, 
volume={7}, 
number={1}, 
pages={125-138}, 
keywords={channel coding;graph theory;probability;radio networks;radiowave propagation;stochastic processes;telecommunication security;wireless channels;Poisson iS-graph;channel coding technique;digital communication system security;eavesdropper collusion;eavesdropper neutralization;information theoretic security;isolation probability;large scale network;random graph;secret information exchange;secure communication graph;secure connectivity;spatial density;stochastic wireless network security;wireless propagation channel;Communication system security;Conferences;Fading;Materials;Security;Wireless networks;Node degree;physical-layer security;secure connectivity;stochastic geometry;wireless networks}, 
doi={10.1109/TIFS.2011.2165946}, 
ISSN={1556-6013}}