@article{dolev-acm1993,
 author = {Dolev, Danny and Dwork, Cynthia and Waarts, Orli and Yung, Moti},
 title = {Perfectly Secure Message Transmission},
 journal = {J. ACM},
 issue_date = {Jan. 1993},
 volume = {40},
 number = {1},
 month = jan,
 year = {1993},
 issn = {0004-5411},
 pages = {17--47},
 numpages = {31},
 url = {http://doi.acm.org/10.1145/138027.138036},
 doi = {10.1145/138027.138036},
 acmid = {138036},
 publisher = {ACM},
 address = {New York, NY, USA},
 keywords = {distributed computing, fault-tolerance, perfectly secure communication}
} 

@book{cohen-book2010,
  title={Complex Networks: Structure, Robustness and Function},
  author={Cohen, R. and Havlin, S.},
  isbn={9781139489270},
  lccn={2010007255},
  year={2010},
  publisher={Cambridge University Press}
}

@book{newman-book2010,
	author = "Newman, Mark",
	publisher = "OUP Oxford",
	title = "{Networks: an introduction}",
	year = "2010"
}

@article{dorogovtsev-prl2006,
  title = {$k$-core organization of complex networks},
  author = {Dorogovtsev, S. N. and Goltsev, A. V. and Mendes, J. F. F.},
  journal = {Phys. Rev. Lett.},
  volume = {96},
  issue = {4},
  pages = {040601},
  numpages = {4},
  year = {2006},
  month = {Feb},
  publisher = {American Physical Society},
  doi = {10.1103/PhysRevLett.96.040601},
  url = {http://link.aps.org/doi/10.1103/PhysRevLett.96.040601}
}

@INPROCEEDINGS{tauro-ieee2001, 
author={Tauro, S.L. and Palmer, C. and Siganos, Georgos and Faloutsos, Michalis}, 
booktitle={Global Telecommunications Conference, 2001. GLOBECOM '01. IEEE}, 
title={A simple conceptual model for the Internet topology}, 
year={2001}, 
month={}, 
volume={3}, 
pages={1667-1671 vol.3}, 
keywords={Internet;network topology;Internet hierarchy;Internet inter-domain topology;abstract graphical representation;conceptual visual model;connected core;node topological importance;Humans;IP networks;Internet;Leg;Network topology;Visualization}, 
doi={10.1109/GLOCOM.2001.965863}
}

@article{carmi-pnas2007,
author = {Carmi, Shai and Havlin, Shlomo and Kirkpatrick, Scott and Shavitt, Yuval and Shir, Eran}, 
title = {A model of Internet topology using k-shell decomposition},
volume = {104}, 
number = {27}, 
pages = {11150-11154}, 
year = {2007}, 
doi = {10.1073/pnas.0701175104}, 
URL = {http://www.pnas.org/content/104/27/11150.abstract}, 
journal = {Proceedings of the National Academy of Sciences} 
}

@ARTICLE{pinto-ieee2012, 
author={Pinto, P.C. and Barros, J. and Win, M.Z.}, 
journal={Information Forensics and Security, IEEE Transactions on}, 
title={Secure Communication in Stochastic Wireless Networks #x2014;Part I: Connectivity}, 
year={2012}, 
month={Feb}, 
volume={7}, 
number={1}, 
pages={125-138}, 
keywords={channel coding;graph theory;probability;radio networks;radiowave propagation;stochastic processes;telecommunication security;wireless channels;Poisson iS-graph;channel coding technique;digital communication system security;eavesdropper collusion;eavesdropper neutralization;information theoretic security;isolation probability;large scale network;random graph;secret information exchange;secure communication graph;secure connectivity;spatial density;stochastic wireless network security;wireless propagation channel;Communication system security;Conferences;Fading;Materials;Security;Wireless networks;Node degree;physical-layer security;secure connectivity;stochastic geometry;wireless networks}, 
doi={10.1109/TIFS.2011.2165946}, 
ISSN={1556-6013}}

@inproceedings{dingledine-proceedings2004,
 author = {Dingledine, Roger and Mathewson, Nick and Syverson, Paul},
 title = {Tor: The Second-generation Onion Router},
 booktitle = {Proceedings of the 13th Conference on USENIX Security Symposium - Volume 13},
 series = {SSYM'04},
 year = {2004},
 location = {San Diego, CA},
 pages = {21--21},
 numpages = {1},
 url = {http://dl.acm.org/citation.cfm?id=1251375.1251396},
 acmid = {1251396},
 publisher = {USENIX Association},
 address = {Berkeley, CA, USA}
} 


@inproceedings{feamster-proceedings2004,
 author = {Feamster, Nick and Dingledine, Roger},
 title = {Location Diversity in Anonymity Networks},
 booktitle = {Proceedings of the 2004 ACM Workshop on Privacy in the Electronic Society},
 series = {WPES '04},
 year = {2004},
 isbn = {1-58113-968-3},
 location = {Washington DC, USA},
 pages = {66--76},
 numpages = {11},
 url = {http://doi.acm.org/10.1145/1029179.1029199},
 doi = {10.1145/1029179.1029199},
 acmid = {1029199},
 publisher = {ACM},
 address = {New York, NY, USA},
 keywords = {anonymity, interdomain routing, mix networks}
} 


@incollection{murdoch-proceedings2007,
year={2007},
isbn={978-3-540-75550-0},
booktitle={Privacy Enhancing Technologies},
volume={4776},
series={Lecture Notes in Computer Science},
editor={Borisov, Nikita and Golle, Philippe},
doi={10.1007/978-3-540-75551-7_11},
title={Sampled Traffic Analysis by Internet-Exchange-Level Adversaries},
url={http://dx.doi.org/10.1007/978-3-540-75551-7_11},
publisher={Springer Berlin Heidelberg},
author={Murdoch, StevenJ. and Zieli≈Ñski, Piotr},
pages={167-183},
}
@inproceedings{edman-proceedings2009,
 author = {Edman, Matthew and Syverson, Paul},
 title = {As-awareness in Tor Path Selection},
 booktitle = {Proceedings of the 16th ACM Conference on Computer and Communications Security},
 series = {CCS '09},
 year = {2009},
 isbn = {978-1-60558-894-0},
 location = {Chicago, Illinois, USA},
 pages = {380--389},
 numpages = {10},
 url = {http://doi.acm.org/10.1145/1653662.1653708},
 doi = {10.1145/1653662.1653708},
 acmid = {1653708},
 publisher = {ACM},
 address = {New York, NY, USA},
 keywords = {anonymity, autonomous systems, privacy, tor}
} 
@article{newman-2001random,
  title={Random graphs with arbitrary degree distributions and their applications},
  author={Newman, Mark EJ and Strogatz, Steven H and Watts, Duncan J},
  journal={Physical Review E},
  volume={64},
  number={2},
  pages={026118},
  year={2001},
  publisher={APS}
}
@article{erd-1959random,
  title={On Random Graphs},
  author={Erdos, P and Renyi},
  journal={Publicationes mathematicae},
  volume={6},
  pages={290--297},
  year={1959}
}
@article{cohen-2000resilience,
  title={Resilience of the Internet to random breakdowns},
  author={Cohen, Reuven and Erez, Keren and Ben-Avraham, Daniel and Havlin, Shlomo},
  journal={Physical review letters},
  volume={85},
  number={21},
  pages={4626},
  year={2000},
  publisher={APS}
}
@article{cohen-2002percolation,
  title={Percolation critical exponents in scale-free networks},
  author={Cohen, Reuven and Ben-Avraham, Daniel and Havlin, Shlomo},
  journal={Physical Review E},
  volume={66},
  number={3},
  pages={036113},
  year={2002},
  publisher={APS}
}

@article{buldyrev-nature2010,
	author = "Buldyrev, Sergey V. and Parshani, Roni and Paul, Gerald and Stanley, H. Eugene and Havlin, Shlomo",
	doi = "10.1038/nature08932",
	journal = "Nature",
	month = "Apr",
	number = "7291",
	pages = "1025--1028",
	publisher = "Nature Publishing Group",
	title = "{Catastrophic cascade of failures in interdependent networks}",
	url = "http://dx.doi.org/10.1038/nature08932",
	volume = "464",
	year = "2010"
}

@article{baxter-prl2012,
	author = "Baxter, G. J. and Dorogovtsev, S. N. and Goltsev, A. V. and Mendes, J. F. F.",
	doi = "10.1103/PhysRevLett.109.248701",
	issue = "24",
	journal = "Phys. Rev. Lett.",
	month = "Dec",
	numpages = "5",
	pages = "248701",
	publisher = "American Physical Society",
	title = "{Avalanche Collapse of Interdependent Networks}",
	url = "http://link.aps.org/doi/10.1103/PhysRevLett.109.248701",
	volume = "109",
	year = "2012"
}
